%%%%%%%%%%%%%%%%%%%%%
% Distributed ML
%%%%%%%%%%%%%%%%%%%%%

@inproceedings{McMahan:2017,
  title = {{Communication-Efficient Learning of Deep Networks from Decentralized Data}},
  author  = {H. Brendan McMahan and Eider Moore and Daniel Ramage and Seth Hampson and Blaise Aguera y Arcas},
  booktitle = {Proceedings of the 20th International Conference on Artificial Intelligence and Statistics},
  series = {AISTATS},
  year  = {2017},
}

@inproceedings{Bonawitz:2017,
    author = {Bonawitz, Keith and Ivanov, Vladimir and Kreuter, Ben and Marcedone, Antonio and McMahan, H. Brendan and Patel, Sarvar and Ramage, Daniel and Segal, Aaron and Seth, Karn},
    title = {Practical Secure Aggregation for Privacy-Preserving Machine Learning},
    booktitle = {Proceedings of the 2017 ACM SIGSAC Conference on Computer and Communications Security},
    series = {CCS},
    year = {2017},
} 

@incollection{Blanchard:2017,
    title = {Machine Learning with Adversaries: Byzantine Tolerant Gradient Descent},
    author = {Blanchard, Peva and El Mhamdi, El Mahdi and Guerraoui, Rachid and Stainer, Julien},
    booktitle = {Advances in Neural Information Processing Systems 30},
    series = {NIPS},
    year = {2017},
}

@inproceedings{Song:2013,
  title     = {{Stochastic gradient descent with differentially private updates}},
  author    = {Shuang Song and
               Kamalika Chaudhuri and
               Anand D. Sarwate},
  booktitle = {{IEEE} Global Conference on Signal and Information Processing},
  series = {GlobalSIP},
  year      = {2013},
}

@inproceedings{Abadi:2016,
title = {Deep Learning with Differential Privacy},
author  = {Martin Abadi and Andy Chu and Ian Goodfellow and Brendan McMahan and Ilya Mironov and Kunal Talwar and Li Zhang},
series = {CCS},
year  = {2016},
booktitle = {23rd ACM Conference on Computer and Communications Security},
}

@article{Dwork:2014,
 author = {Dwork, Cynthia and Roth, Aaron},
 title = {{The Algorithmic Foundations of Differential Privacy}},
 journal = {Foundations and Trends in Theoretical Computer Science},
 volume = {9},
 number = {3-4},
 year = {2014},
} 

@inproceedings{Mironov:2009,
 author = {Mironov, Ilya and Pandey, Omkant and Reingold, Omer and Vadhan, Salil},
 title = {Computational Differential Privacy},
 booktitle = {Proceedings of the 29th Annual International Cryptology Conference on Advances in Cryptology},
 series = {CRYPTO '09},
 year = {2009},
}

@inproceedings{Vadhan:2017,
  title={The Complexity of Differential Privacy},
  author={Salil P. Vadhan},
  booktitle={Tutorials on the Foundations of Cryptography},
  year={2017}
}